@article{lefevre2010beer,
  title={Beer consumption increases human attractiveness to malaria mosquitoes},
  author={Lef{\`e}vre, Thierry and Gouagna, Louis-Cl{\'e}ment and Dabir{\'e}, Kounbobr Roch and Elguero, Eric and Fontenille, Didier and Renaud, Fran{\c{c}}ois and Costantini, Carlo and Thomas, Fr{\'e}d{\'e}ric},
  journal={PloS one},
  volume={5},
  number={3},
  pages={e9546},
  year={2010},
  publisher={Public Library of Science}
}
@article{lefevre2009beyond,
  title={Beyond nature and nurture: phenotypic plasticity in blood-feeding behavior of Anopheles gambiae ss when humans are not readily accessible},
  author={Lef{\`e}vre, Thierry and Gouagna, Louis-Cl{\'e}ment and Dabir{\'e}, Kounbrobr Roch and Elguero, Eric and Fontenille, Didier and Renaud, Fran{\c{c}}ois and Costantini, Carlo and Thomas, Fr{\'e}d{\'e}ric},
  journal={The American journal of tropical medicine and hygiene},
  volume={81},
  number={6},
  pages={1023--1029},
  year={2009},
  publisher={ASTMH}
}
@article{MalriaHistory,
  title={Evolutionary and historical aspects of the burden of malaria},
  author={Carter, Richard and Mendis, Kamini N},
  journal={Clinical microbiology reviews},
  volume={15},
  number={4},
  pages={564--594},
  year={2002},
  publisher={Am Soc Microbiol}
}
@article{Mathbifurcation,
  title={Bifurcation analysis of a mathematical model for malaria transmission},
  author={Chitnis, Nakul and Cushing, Jim M and Hyman, JM},
  journal={SIAM Journal on Applied Mathematics},
  volume={67},
  number={1},
  pages={24--45},
  year={2006},
  publisher={SIAM}
}
@article{feachem2008new,
  title={A new global malaria eradication strategy},
  author={Feachem, Richard and Sabot, Oliver},
  journal={The Lancet},
  volume={371},
  number={9624},
  pages={1633--1635},
  year={2008},
  publisher={Elsevier}
}
@book{world2008,
  title={World malaria report 2008},
  author={World Health Organization},
  year={2008},
  publisher={World Health Organization}
}
